<?xml version="1.0" encoding="UTF-8"?><collection xmlns="http://www.loc.gov/MARC21/slim"><record><leader>00583nam--2200193-u-4500</leader><controlfield tag="001">000052892</controlfield><controlfield tag="002">20161230</controlfield><controlfield tag="005">20161230201050</controlfield><controlfield tag="008">101126s1000------------r-----000-0-rus-d</controlfield><datafield ind1=" " ind2=" " tag="040"><subfield code="a">IFIN-HH</subfield></datafield><datafield ind1=" " ind2=" " tag="041"><subfield code="a">rus</subfield></datafield><datafield ind1=" " ind2=" " tag="080"><subfield code="a">530.182</subfield></datafield><datafield ind1="1" ind2=" " tag="100"><subfield code="a">Reintjes, John F</subfield></datafield><datafield ind1="1" ind2="0" tag="245"><subfield code="a">Nelineinie opticeskie parametriceskie protsessi v jidkostiah i gazah</subfield><subfield code="c">John f. reintjes</subfield></datafield><datafield ind1=" " ind2=" " tag="260"><subfield code="a">Moskva</subfield><subfield code="b">Mir</subfield><subfield code="c">1987</subfield></datafield><datafield ind1=" " ind2=" " tag="300"><subfield code="a">510P</subfield></datafield><datafield ind1=" " ind2=" " tag="500"><subfield code="a">Titlul original in limba engleza: NONLINEAR OPTICAL PARAMETRIC PROCESSES IN LIQUIDS AND GASES</subfield></datafield><datafield ind1=" " ind2=" " tag="852"><subfield code="a">74938</subfield><subfield code="c">535</subfield></datafield><datafield ind1=" " ind2=" " tag="CAT"><subfield code="a">Sys</subfield><subfield code="c">20101126</subfield><subfield code="h">110951</subfield></datafield></record></collection>